<?xml version="1.0" encoding="UTF-8"?><collection xmlns="http://www.loc.gov/MARC21/slim"><record><leader>00488nam--2200169-i-4500</leader><controlfield tag="001">000014098</controlfield><controlfield tag="002">20161230</controlfield><controlfield tag="005">20161230201030</controlfield><controlfield tag="008">060222s1000------------r-----000-0-eng-d</controlfield><datafield ind1=" " ind2=" " tag="040"><subfield code="a">IFIN-HH</subfield></datafield><datafield ind1=" " ind2=" " tag="080"><subfield code="a">621.039.8:539.1.08</subfield></datafield><datafield ind1="1" ind2=" " tag="100"><subfield code="a">Smullen, Willard C</subfield></datafield><datafield ind1="1" ind2="0" tag="245"><subfield code="a">Basic foundations of isotope technique for technicians</subfield><subfield code="c">Willard c. smullen (ed.)</subfield></datafield><datafield ind1=" " ind2=" " tag="260"><subfield code="a">Springfield</subfield><subfield code="b">Charles C.Thomas</subfield><subfield code="c">1956</subfield></datafield><datafield ind1=" " ind2=" " tag="300"><subfield code="a">XX + 163 P</subfield></datafield><datafield ind1=" " ind2=" " tag="852"><subfield code="a">13165</subfield><subfield code="c">539.163</subfield></datafield><datafield ind1=" " ind2=" " tag="CAT"><subfield code="a">Sys</subfield><subfield code="c">20120516</subfield><subfield code="h">144116</subfield></datafield></record></collection>